
@BOOK{Christensen2002-cv,
  title     = {Plane Answers to Complex Questions: The Theory of Linear Models},
  author    = "Christensen, Ronald",
  publisher = "Springer",
  year      =  2002,
  edition={3rd},
}


@BOOK{Seber2003-fm,
  title     = {Linear Regression Analysis},
  author    = "Seber, George A F and Lee, Alan J",
  publisher = "John Wiley \& Sons",
  year      =  2003,
  edition = {2nd},
}

